<record><leader>00000cas a22000007a 4500</leader><controlfield tag="001">15597121</controlfield><controlfield tag="008">870427d18881890iaudr ne      0    0eng d</controlfield><datafield ind1=" " ind2=" " tag="010"><subfield code="a">sn 87058161 </subfield></datafield><datafield ind1=" " ind2=" " tag="040"><subfield code="a">INP</subfield><subfield code="b">eng</subfield><subfield code="c">INP</subfield><subfield code="d">OCLCQ</subfield><subfield code="d">IUL</subfield><subfield code="d">OCLCF</subfield></datafield><datafield ind1=" " ind2=" " tag="042"><subfield code="a">msc</subfield></datafield><datafield ind1=" " ind2=" " tag="043"><subfield code="a">n-us-ia</subfield></datafield><datafield ind1="0" ind2="0" tag="245"><subfield code="a">Davenport Democrat-gazette.</subfield></datafield><datafield ind1="3" ind2="0" tag="246"><subfield code="a">Democrat-gazette</subfield></datafield><datafield ind1="3" ind2="0" tag="246"><subfield code="a">Sunday Democrat-gazette</subfield></datafield><datafield ind1=" " ind2=" " tag="260"><subfield code="a">Davenport, Iowa :</subfield><subfield code="b">[D.N. Richardson],</subfield><subfield code="c">1888-</subfield></datafield><datafield ind1=" " ind2=" " tag="300"><subfield code="a">v.</subfield></datafield><datafield ind1=" " ind2=" " tag="310"><subfield code="a">Daily</subfield></datafield><datafield ind1="0" ind2=" " tag="362"><subfield code="a">Mar. 9, 1888-</subfield></datafield><datafield ind1="1" ind2=" " tag="362"><subfield code="a">Ceased Jan. 1, 1890.</subfield></datafield><datafield ind1=" " ind2=" " tag="500"><subfield code="a">Sunday ed. called: Sunday Democrat-gazette.</subfield></datafield><datafield ind1=" " ind2="0" tag="651"><subfield code="a">Davenport (Iowa)</subfield><subfield code="v">Newspapers.</subfield></datafield><datafield ind1=" " ind2="0" tag="651"><subfield code="a">Scott County (Iowa)</subfield><subfield code="v">Newspapers.</subfield></datafield><datafield ind1=" " ind2="7" tag="651"><subfield code="a">Iowa</subfield><subfield code="z">Davenport.</subfield><subfield code="2">fast</subfield><subfield code="0">(OCoLC)fst01207492</subfield></datafield><datafield ind1=" " ind2="7" tag="651"><subfield code="a">Iowa</subfield><subfield code="z">Scott County.</subfield><subfield code="2">fast</subfield><subfield code="0">(OCoLC)fst01212225</subfield></datafield><datafield ind1=" " ind2="7" tag="655"><subfield code="a">Newspapers.</subfield><subfield code="2">fast</subfield><subfield code="0">(OCoLC)fst01423814</subfield></datafield><datafield ind1=" " ind2=" " tag="752"><subfield code="a">United States</subfield><subfield code="b">Iowa</subfield><subfield code="c">Scott</subfield><subfield code="d">Davenport.</subfield></datafield><datafield ind1="0" ind2=" " tag="775"><subfield code="t">Morning Democrat-gazette</subfield><subfield code="w">(DLC)sn 87058163</subfield><subfield code="w">(OCoLC)15597786</subfield></datafield><datafield ind1="0" ind2="0" tag="780"><subfield code="t">Evening Democrat-gazette</subfield><subfield code="w">(DLC)sn 87058160</subfield><subfield code="w">(OCoLC)15597069</subfield></datafield><datafield ind1="0" ind2="0" tag="785"><subfield code="t">Davenport Democrat (Davenport, Iowa : 1890)</subfield></datafield></record>